
@article{Biot1941,
  title = {General {{Theory}} of {{Three}}-{{Dimensional Consolidation}}},
  volume = {12},
  issn = {0021-8979, 1089-7550},
  language = {en},
  number = {2},
  journal = {Journal of Applied Physics},
  doi = {10.1063/1.1712886},
  author = {Biot, Maurice A.},
  month = feb,
  year = {1941},
  pages = {155-164}
}


@article{Ralek,
  title = {Numerical {{Modelling}} of {{Deep Geothermal Exchanger}} and {{Its Application}} for the {{Litom{\v e}{\v r}ice Site}}, {{Czech Republic}}},
  language = {en},
  author = {R{\'a}lek, Petr and Nov{\'a}k, Josef and Mary{\v s}ka, Ji{\v r}{\'i} and Chudoba, Josef},
  pages = {8}
}



@techreport{intera},
  title = {Porosity, Permeability, and Their Relationship in Granite, Basalt, and Tuff},
  language = {en},
  number = {ONWI-458, 6116963},
  institution = {{INTERA Environmental Consultants, Inc., Houston, TX (USA)}},
  author = {{INTERA Environmental Consultants, Inc., Houston, TX (USA)}},
  month = apr,
  year = {1983},
  doi = {10.2172/6116963}
}






@article{Sperl2008,
  title = {Permeability and  {{Porosity}} of {{Rocks}} and {{Their Relationship Based}} on {{Laboratory Testing}}},
  volume = {5},
  language = {en},
  number = {149},
  author = {{\v S}perl, Jan and Tr{\v c}kov{\'a}, Ji{\v r}ina},
  year = {2008},
  pages = {41--47}
}


@phdthesis{Capova2013,
  title = {Specification of the Geothermic Model in the Environs of Several Selected Boreholes.},
  school = {Charles University in Prague},
  author = {{\v C}{\'a}pov{\'a}, Lucie},
  year = {2013}
}




@techreport{Ljunggren1985,
  title = {Mechanical {{Properties}} of {{Granitic Rocks}} from {{6IDE{\AA}}}, {{Sweden}}},
  language = {en},
  number = {SKB 85-06},
  institution = {{Svensk K\textbackslash{}"arnbr\textbackslash{}"anslehantering AB}},
  author = {Ljunggren, Christer and Stephansson, Ove and Alm, Ove and Hakami, Hossein and Mattila, Ulf},
  year = {1985},
  pages = {80}
}



@article{Zisman1933,
  title = {Compressibility and {{Anisotropy}} of {{Rocks}} at and near the {{Earth}}'s {{Surface}}},
  volume = {19},
  issn = {0027-8424, 1091-6490},
  language = {en},
  number = {7},
  journal = {Proceedings of the National Academy of Sciences},
  doi = {10.1073/pnas.19.7.666},
  author = {Zisman, W. A.},
  month = jul,
  year = {1933},
  pages = {666-679}
}





@article{Brace1968,
  title = {Permeability of Granite under High Pressure},
  volume = {73},
  copyright = {Copyright 1968 by the American Geophysical Union.},
  issn = {2156-2202},
  language = {en},
  number = {6},
  journal = {Journal of Geophysical Research (1896-1977)},
  doi = {10.1029/JB073i006p02225},
  author = {Brace, W. F. and Walsh, J. B. and Frangos, W. T.},
  year = {1968},
  pages = {2225-2236}
}


@book{Kaviany1999,
	edition = {2nd},
	title = {Principles of {Heat} {Transfer} in {Porous} {Media}},
	isbn = {0-387-94550-4},
	publisher = {Springer},
	author = {Kaviany, Massoud},
	month = aug,
	year = {1999},
	keywords = {buy, own}
}









@article{R-08-78,
  key = {SKB R-08-78},
  volume = {{{SKB R}}-08-78, {{Svensk K\"arnbr\"anslehantering AB}}},
  title = {Hydrogeological Conceptualisation and Parameterisation \textendash{} {{Site}} Descriptive Modelling. {{SDM}}-{{Site Laxemar}}},
  language = {en},
  author = {Rh\'en, Ingvar and Forsmark, Torbj\"orn and Hartley, Lee and Jackson, Peter and Roberts, David and Gylling, Bj\"orn},
  pages = {745}
}



@article{R-09-20,
  key= {SKB R-09-20}, 
  title = {Groundwater Flow Modelling of Periods with Temperate Climate Conditions \textendash{} {{Forsmark}}},
  volume = {SKB R-09-20, Svensk K\"arnbr\"anslehantering AB},
  language = {en},
  author = {Joyce, Steven and Simpson, Trevor and Hartley, Lee and Applegate, David and Hoek, Jaap and Jackson, Peter and Swan, David and Marsic, Niko and Follin, Sven},
  pages = {315}
}




@book{Fisher/Lewis/Embleton1993,
  address = {Cambridge},
  edition = {Reprint edition},
  title = {Statistical {{Analysis Spherical Data}}},
  isbn = {978-0-521-45699-9},
  language = {English},
  publisher = {{Cambridge University Press}},
  author = {Fisher/Lewis/Embleton},
  month = aug,
  year = {1993}
}




@article{Min2004,
  title = {Determining the Equivalent Permeability Tensor for Fractured Rock Masses Using a Stochastic {{REV}} Approach: {{Method}} and Application to the Field Data from {{Sellafield}}, {{UK}}},
  volume = {12},
  issn = {1435-0157},
  shorttitle = {Determining the Equivalent Permeability Tensor for Fractured Rock Masses Using a Stochastic {{REV}} Approach},
  language = {en},
  number = {5},
  journal = {Hydrogeology Journal},
  doi = {10.1007/s10040-004-0331-7},
  author = {Min, Ki-Bok and Jing, Lanru and Stephansson, Ove},
  month = oct,
  year = {2004},
  keywords = {Discrete Fracture Network (DFN),Equivalent continuum approach,Fractured rocks,Permeability tensor,Representative Elementary Volume (REV)},
  pages = {497-510}
}




@article{Baghbanan2007,
  title = {Hydraulic Properties of Fractured Rock Masses with Correlated Fracture Length and Aperture},
  volume = {44},
  issn = {1365-1609},
  number = {5},
  journal = {International Journal of Rock Mechanics and Mining Sciences},
  doi = {10.1016/j.ijrmms.2006.11.001},
  author = {Baghbanan, Alireza and Jing, Lanru},
  month = jul,
  year = {2007},
  keywords = {Aperture distribution,Correlation,Discrete fracture network (DFN),Fracture rocks,Permeability,Representative elementary volume (REV)},
  pages = {704-719}
}
















@article{Snow1969,
  title = {Anisotropie {{Permeability}} of {{Fractured Media}}},
  volume = {5},
  issn = {00431397},
  doi = {10.1029/WR005i006p01273},
  language = {en},
  number = {6},
  journal = {Water Resources Research},
  author = {Snow, David T.},
  month = {dec},
  year = {1969},
  pages = {1273-1289}
}





@article{Bonnet2001,
  title = {Scaling of Fracture Systems in Geological Media},
  volume = {39},
  copyright = {Copyright 2001 by the American Geophysical Union.},
  issn = {1944-9208},
  doi = {10.1029/1999RG000074},
  language = {en},
  number = {3},
  journal = {Reviews of Geophysics},
  author = {Bonnet, E. and Bour, O. and Odling, N. E. and Davy, P. and Main, I. and Cowie, P. and Berkowitz, B.},
  year = {2001},
  pages = {347-383}
}



@article{Neuman2008,
  title = {Multiscale Relationships between Fracture Length, Aperture, Density and Permeability},
  volume = {35},
  copyright = {Copyright 2008 by the American Geophysical Union.},
  issn = {1944-8007},
  doi = {10.1029/2008GL035622},
  language = {en},
  number = {22},
  journal = {Geophysical Research Letters},
  author = {Neuman, Shlomo P.},
  year = {2008},
  keywords = {attributes,fractures,multiscale}
}


@article{Olson2003,
  title = {Sublinear Scaling of Fracture Aperture versus Length: {{An}} Exception or the Rule?},
  volume = {108},
  shorttitle = {Sublinear Scaling of Fracture Aperture versus Length},
  journal = {J. Geophys. Res},
  doi = {10.1029/2001JB000419},
  author = {Olson, Jon},
  month = sep,
  year = {2003}
}












@article{Giles2015,
  title = {Multilevel {{Monte Carlo}} Methods},
  volume = {24},
  issn = {0962-4929, 1474-0508},
  doi = {10.1017/S096249291500001X},
  language = {en},
  journal = {Acta Numerica},
  author = {Giles, Michael B.},
  month = {may},
  year = {2015},
  pages = {259-328},
}


@book{Evans1998,
  title = {Partial {{Differential Equations}}},
  isbn = {978-0-8218-0772-9},
  language = {en},
  publisher = {{American Mathematical Society}},
  author = {Evans, Lawrence C.},
  year = {1998},
  keywords = {Mathematics / Differential Equations / General}
}




@Misc{flow123d,
author =   {B{\v r}ezina, Jan and Stebel, Jan and Exner, Pavel and Hyb{\v s}, Jan},
title =    {Flow123d},
howpublished = {\url{http://flow123d.github.com}, repository: \url{http://github.com/flow123d/flow123d}},
year = {2011--2016}
}


@incollection{brezina_analysis_2015,
        title = {Analysis of Model Error for a Continuum-Fracture Model of Porous Media Flow},
        isbn = {978-3-319-40360-1 978-3-319-40361-8},
        COMMENTurl = {http://link.springer.com/chapter/10.1007/978-3-319-40361-8_11},
        series = {Lecture Notes in Computer Science},
        pages = {152--160},
        number = {9611},
        booktitle = {High Performance Computing in Science and Engineering},
        publisher = {Springer International Publishing},
        author = {B{\v r}ezina, Jan and Stebel, Jan},
        COMMENTeditor = {Kozubek, Tomáš and Blaheta, Radim and Šístek, Jakub and Rozložník, Miroslav and Čermák, Martin},
        urldate = {2016-06-03},
        date = {2015-05-25},
        year = {2015},
        langid = {english},
        COMMENTnote = {{doi}: 10.1007/978-3-319-40361-8\_11},
        doi = {10.1007/978-3-319-40361-8\_11},
        keywords = {Artificial Intelligence (incl. Robotics), Complexity, Computational Mathematics and Numerical Analysis, Darcy flow, Error estimate, Fractured media, Mathematics of Computing, Reduced model, Software Engineering/Programming and Operating Systems}
}


@article{martin_modeling_2005,
        title = {Modeling Fractures and Barriers as Interfaces for Flow in Porous Media},
        volume = {26},
        issn = {10648275},
        COMMENTurl = {http://link.aip.org/link/SJOCE3/v26/i5/p1667/s1&Agg=doi},
        doi = {10.1137/S1064827503429363},
        pages = {1667--1691},
        number = {5},
        journal = {{SIAM} Journal on Scientific Computing},
        author = {Martin, Vincent and Jaffr{\' e}, J{\' e}ro\{{\textbackslash}textasciicircum\}me and Roberts, Jean E.},
        urldate = {2012-04-18},
        year = {2005},
        file = {MARTIN, JAFFRE, ROBERTS (2005) MODELING FRACTURES AND BARRIERS AS INTERFACES FOR FLOW IN POROUS MEDIA.pdf:/home/jb/Knihovna/Papers - new/Physics/Fracture flow and transport/MARTIN, JAFFRE, ROBERTS (2005) MODELING FRACTURES AND BARRIERS AS INTERFACES FOR FLOW IN POROUS MEDIA.pdf:application/pdf}
}






